%% This BibTeX bibliography file was created using BibDesk.
%% http://bibdesk.sourceforge.net/

%% Created for David Mas at 2017-02-05 22:40:11 +0100 


%% Saved with string encoding Unicode (UTF-8) 



@conference{flores-bello2016,
	Author = {Andre Flores-Bello and David Mas and Miruna Rosu and David Comas},
	Booktitle = {6th international conference of the series: DNA Polymorphisms in Human Populations, Mus{\'e}e de l'Homme, Paris},
	Date-Added = {2017-02-05 20:16:14 +0000},
	Date-Modified = {2017-02-05 21:34:55 +0000},
	Month = {December},
	Title = {Genetic analysis and evolution of Rh blood group system in basques},
	Year = {2016}}

@unpublished{dmas201701,
	Author = {David Mas-Ponte and Joana Carlevaro-Fita and Emilio Palumbo and Toni Hermoso and Roderic Guigo and Rory Johnson},
	Date-Added = {2017-02-05 20:13:46 +0000},
	Date-Modified = {2017-02-05 20:16:00 +0000},
	Title = {LncATLAS database for subcellular localisation of long noncoding RNAs},
	Year = {2017}}
