
@inproceedings{mts24,
  author    = {Mas-Ponte, David and Pan, Yu-Chen and Calderon, Diego and Beichman, Annabel and Harris, Kelley},
  title     = "Identification of somatic mutations in sci-ATAC-seq data during human development",
  booktitle = "Mutations in time and space",
  series    = "MTS",
  year      = 2024,
  address   = "Edinburgh, UK",
  publisher = "University of Edinburgh",
  url = {https://www.mutationmeeting.com/}
}


@inproceedings{eshg23,
  author    = {Mas-Ponte, David and Supek, Fran},
  title     = "Mutation rate variability at the sub-gene scale due to distinct DNA methylation gradients",
  booktitle = "European Society of Human Genetics (ESHG) Conference",
  series    = "ESHG",
  year      = 2023,
  publisher = "ESHG",
  address   = "Glasgow, UK",
  url = {https://www.nature.com/articles/s41431-023-01480-z}
}

@inproceedings{eccb22,
  author    = {Mas-Ponte, David and Supek, Fran},
  title     = "Role of DNA methylation in somatic mutagenesis of human tumors",
  booktitle = "ECCB Conference",
  series    = "ECCB",
  year      = 2022,
  publisher = "ECCB",
  address   = "Sitges, Spain"
}

@inproceedings{eacr21,
  author    = {Mas-Ponte, David and Supek, Fran},
  title     = "Clustered apobec mutagenesis in human tumors",
  booktitle = "European Association for Cancer Research (EACR) Bioinformatics Conference",
  series    = "EACR Bioinformatics",
  year      = 2021,
  publisher = "EACR",
  address   = "Virtual"
}

@inproceedings{eccb19,
  author    = {Mas-Ponte, David and Supek, Fran},
  title     = "HyperMut: a method to detect localized hypermutation with stringent control for confounders",
  booktitle = "ISMB/ECCB (ISCB) Conference",
  series    = "ISMB/ECCB",
  year      = 2019,
  publisher = "ISCB",
  address   = "Basel, Switzerland"
}

@inproceedings{embl18,
  author    = {Mas-Ponte, David and Supek, Fran},
  title     = "Association of localized hypermutation patterns with transcription programs of tumor samples",
  booktitle = "EMBL Conference: From Functional Genomics to Systems Biology",
  series    = "EMBL Conference",
  year      = 2018,
  publisher = "EMBL",
  address   = "Heidelberg, Germany"
}
